<?xml version="1.0" encoding="UTF-8"?>
<marc:collection xmlns:marc="http://www.loc.gov/MARC21/slim" xmlns:xsi="http://www.w3.org/2001/XMLSchema-instance" xsi:schemaLocation="http://www.loc.gov/MARC21/slim http://www.loc.gov/standards/marcxml/schema/MARC21slim.xsd">
   <marc:record type="Bibliographic">
      <marc:leader>00893cam a2200253 a 4500</marc:leader>
      <marc:controlfield tag="001">2927001</marc:controlfield>
      <marc:controlfield tag="003">NjP</marc:controlfield>
      <marc:controlfield tag="005">20100712121516.0</marc:controlfield>
      <marc:controlfield tag="008">911028s1951    ua            000 0 ara  </marc:controlfield>
      <marc:datafield tag="024" ind1="7" ind2=" ">
         <marc:subfield code="a">princeton_aco000491</marc:subfield>
         <marc:subfield code="2">local</marc:subfield>
      </marc:datafield>
      <marc:datafield tag="010" ind1=" " ind2=" ">
         <marc:subfield code="a">   75972942  </marc:subfield>
      </marc:datafield>
      <marc:datafield tag="035" ind1=" " ind2=" ">
         <marc:subfield code="a">(OCoLC)ocm24633724</marc:subfield>
      </marc:datafield>
      <marc:datafield tag="035" ind1=" " ind2=" ">
         <marc:subfield code="9">CPF4912TS</marc:subfield>
      </marc:datafield>
      <marc:datafield tag="040" ind1=" " ind2=" ">
         <marc:subfield code="a">DLC</marc:subfield>
         <marc:subfield code="c">MBB</marc:subfield>
         <marc:subfield code="d">MBB</marc:subfield>
         <marc:subfield code="d">PUL</marc:subfield>
      </marc:datafield>
      <marc:datafield tag="050" ind1="0" ind2=" ">
         <marc:subfield code="a">PK6525</marc:subfield>
         <marc:subfield code="b">.F3</marc:subfield>
      </marc:datafield>
      <marc:datafield tag="100" ind1="1" ind2=" ">
         <marc:subfield code="a">Fāḍil, ʻAbd al-Ḥaqq,</marc:subfield>
         <marc:subfield code="d">1911-</marc:subfield>
      </marc:datafield>
      <marc:datafield tag="245" ind1="1" ind2="0">
         <marc:subfield code="a">Thawrat al-Khayyām /</marc:subfield>
         <marc:subfield code="c">ʻAbd al-Ḥaqq Fāḍil.</marc:subfield>
      </marc:datafield>
      <marc:datafield tag="260" ind1=" " ind2=" ">
         <marc:subfield code="a">al-Qāhirah :</marc:subfield>
         <marc:subfield code="b">al-Jinnat al-Taʾlīf wa-al-Tarjamah wa-al-Nashr,</marc:subfield>
         <marc:subfield code="c">1951.</marc:subfield>
      </marc:datafield>
      <marc:datafield tag="300" ind1=" " ind2=" ">
         <marc:subfield code="a">364 p. ;</marc:subfield>
         <marc:subfield code="c">20 cm.</marc:subfield>
      </marc:datafield>
      <marc:datafield tag="500" ind1=" " ind2=" ">
         <marc:subfield code="a">Includes Arabic translation of Khayyam's Rubāʻīyāt in verse (p. 157-322)</marc:subfield>
      </marc:datafield>
      <marc:datafield tag="600" ind1="0" ind2="0">
         <marc:subfield code="a">Omar Khayyam.</marc:subfield>
      </marc:datafield>
      <marc:datafield tag="600" ind1="0" ind2="0">
         <marc:subfield code="a">Omar Khayyam.</marc:subfield>
         <marc:subfield code="t">Rubāʻīyāt.</marc:subfield>
      </marc:datafield>
      <marc:datafield tag="700" ind1="0" ind2="2">
         <marc:subfield code="a">Omar Khayyam.</marc:subfield>
         <marc:subfield code="t">Rubāʻīyāt.</marc:subfield>
         <marc:subfield code="l">Arabic.</marc:subfield>
         <marc:subfield code="f">1951.</marc:subfield>
      </marc:datafield>
      <marc:datafield tag="852" ind1="0" ind2=" ">
         <marc:subfield code="b">nec</marc:subfield>
         <marc:subfield code="h">PK6525</marc:subfield>
         <marc:subfield code="i">.F3 1951</marc:subfield>
         <marc:subfield code="p">3241502</marc:subfield>
         <marc:subfield code="x">reclassed from: 2472.664</marc:subfield>
      </marc:datafield>
      <marc:datafield tag="945" ind1=" " ind2=" ">
         <marc:subfield code="a">SY</marc:subfield>
         <marc:subfield code="b">1</marc:subfield>
         <marc:subfield code="c">2472.664</marc:subfield>
      </marc:datafield>
      <marc:datafield tag="911" ind1=" " ind2=" ">
         <marc:subfield code="a">20000402</marc:subfield>
      </marc:datafield>
   </marc:record>
</marc:collection>
